<collection xmlns="http://www.loc.gov/MARC21/slim">
   <record>
      <leader>02633cam a2200481 i 4500</leader>
      <controlfield tag="001">6803520</controlfield>
      <controlfield tag="003">OCoLC</controlfield>
      <controlfield tag="005">20150122123024.0</controlfield>
      <controlfield tag="008">140829t20152015enka     b    001 0deng  </controlfield>
      <datafield ind1=" " ind2=" " tag="010">
         <subfield code="a">  2014020188</subfield>
      </datafield>
      <datafield ind1=" " ind2=" " tag="015">
         <subfield code="a">GBB497214</subfield>
         <subfield code="2">bnb</subfield>
      </datafield>
      <datafield ind1="7" ind2=" " tag="016">
         <subfield code="a">016863318</subfield>
         <subfield code="2">Uk</subfield>
      </datafield>
      <datafield ind1=" " ind2=" " tag="020">
         <subfield code="a">9781472514271</subfield>
         <subfield code="q">hardback</subfield>
      </datafield>
      <datafield ind1=" " ind2=" " tag="020">
         <subfield code="a">1472514270</subfield>
         <subfield code="q">hardback</subfield>
      </datafield>
      <datafield ind1=" " ind2=" " tag="020">
         <subfield code="z">9781472511379</subfield>
         <subfield code="q">ePDF</subfield>
      </datafield>
      <datafield ind1=" " ind2=" " tag="020">
         <subfield code="z">9781472511324</subfield>
         <subfield code="q">ePub</subfield>
      </datafield>
      <datafield ind1=" " ind2=" " tag="035">
         <subfield code="a">ocn890011317</subfield>
      </datafield>
      <datafield ind1=" " ind2=" " tag="040">
         <subfield code="a">DLC</subfield>
         <subfield code="b">eng</subfield>
         <subfield code="e">rda</subfield>
         <subfield code="c">DLC</subfield>
         <subfield code="d">YDX</subfield>
         <subfield code="d">YDXCP</subfield>
         <subfield code="d">BTCTA</subfield>
         <subfield code="d">BDX</subfield>
         <subfield code="d">CDX</subfield>
         <subfield code="d">UKMGB</subfield>
         <subfield code="d">NLE</subfield>
         <subfield code="d">OCLCQ</subfield>
         <subfield code="d">MUU</subfield>
         <subfield code="d">STF</subfield>
         <subfield code="d">CLU</subfield>
         <subfield code="d">PUL</subfield>
         <subfield code="d">UAB</subfield>
         <subfield code="d">AEU</subfield>
      </datafield>
      <datafield ind1=" " ind2=" " tag="042">
         <subfield code="a">pcc</subfield>
      </datafield>
      <datafield ind1=" " ind2=" " tag="043">
         <subfield code="a">a-ir---</subfield>
      </datafield>
      <datafield ind1="0" ind2="0" tag="050">
         <subfield code="a">DS283</subfield>
         <subfield code="b">.B75 2015</subfield>
      </datafield>
      <datafield ind1="0" ind2="0" tag="082">
         <subfield code="a">935/.705092</subfield>
         <subfield code="2">23</subfield>
      </datafield>
      <datafield ind1=" " ind2=" " tag="090">
         <subfield code="a">DS 283 B75 2015</subfield>
         <subfield code="b">AEU</subfield>
      </datafield>
      <datafield ind1="1" ind2=" " tag="100">
         <subfield code="a">Bridges, Emma,</subfield>
         <subfield code="e">author.</subfield>
         <subfield code="0">http://id.loc.gov/authorities/names/n2006065582</subfield>
         <subfield code="0">http://viaf.org/viaf/56928702</subfield>
      </datafield>
      <datafield ind1="1" ind2="0" tag="245">
         <subfield code="a">Imagining Xerxes :</subfield>
         <subfield code="b">ancient perspectives on a Persian king /</subfield>
         <subfield code="c">Emma Bridges.</subfield>
      </datafield>
      <datafield ind1=" " ind2="1" tag="264">
         <subfield code="a">London, UK ;</subfield>
         <subfield code="a">New York, NY, USA :</subfield>
         <subfield code="b">Bloomsbury Academic, an imprint of Bloomsbury Publishing Plc,</subfield>
         <subfield code="c">2015.</subfield>
      </datafield>
      <datafield ind1=" " ind2="4" tag="264">
         <subfield code="c">©2015</subfield>
      </datafield>
      <datafield ind1=" " ind2=" " tag="300">
         <subfield code="a">xi, 233 pages :</subfield>
         <subfield code="b">illustrations ;</subfield>
         <subfield code="c">24 cm.</subfield>
      </datafield>
      <datafield ind1=" " ind2=" " tag="336">
         <subfield code="a">text</subfield>
         <subfield code="b">txt</subfield>
         <subfield code="2">rdacontent</subfield>
         <subfield code="0">http://id.loc.gov/vocabulary/contentTypes/txt</subfield>
      </datafield>
      <datafield ind1=" " ind2=" " tag="337">
         <subfield code="a">unmediated</subfield>
         <subfield code="b">n</subfield>
         <subfield code="2">rdamedia</subfield>
         <subfield code="0">http://id.loc.gov/vocabulary/mediaTypes/n</subfield>
      </datafield>
      <datafield ind1=" " ind2=" " tag="338">
         <subfield code="a">volume</subfield>
         <subfield code="b">nc</subfield>
         <subfield code="2">rdacarrier</subfield>
         <subfield code="0">http://id.loc.gov/vocabulary/carriers/nc</subfield>
      </datafield>
      <datafield ind1="1" ind2=" " tag="490">
         <subfield code="a">Bloomsbury studies in classical reception</subfield>
      </datafield>
      <datafield ind1=" " ind2=" " tag="504">
         <subfield code="a">Includes bibliographical references and index.</subfield>
      </datafield>
      <datafield ind1="0" ind2=" " tag="505">
         <subfield code="a">Introduction: encountering Xerxes -- Staging Xerxes: Aeschylus and beyond -- Historiographical enquiry: the Herodotean Xerxes-narrative -- Xerxes in his own write? The Persian perspective -- Pride, panhellenism and propaganda: Xerxes in the fourth century bc -- The king at court: alternative (hi)stories of Xerxes -- The past as a paradigm: Xerxes in a world ruled by Rome -- Epilogue: re-imagining Xerxes.</subfield>
      </datafield>
      <datafield ind1=" " ind2=" " tag="596">
         <subfield code="a">43</subfield>
      </datafield>
      <datafield ind1="0" ind2="0" tag="600">
         <subfield code="a">Xerxes</subfield>
         <subfield code="b">I,</subfield>
         <subfield code="c">King of Persia,</subfield>
         <subfield code="d">519 B.C.-465 B.C. or 464 B.C.</subfield>
         <subfield code="0">http://id.loc.gov/authorities/names/n81070675</subfield>
      </datafield>
      <datafield ind1=" " ind2="0" tag="651">
         <subfield code="a">Greece</subfield>
         <subfield code="x">History</subfield>
         <subfield code="y">Persian Wars, 500-449 B.C.</subfield>
         <subfield code="x">Historiography.</subfield>
      </datafield>
      <datafield ind1=" " ind2="0" tag="651">
         <subfield code="a">Iran</subfield>
         <subfield code="x">Kings and rulers</subfield>
         <subfield code="v">Biography.</subfield>
         <subfield code="0">http://id.loc.gov/authorities/subjects/sh2008115490</subfield>
      </datafield>
      <datafield ind1=" " ind2=" " tag="758">
         <subfield code="0">http://worldcat.org/entity/work/id/2866988048</subfield>
      </datafield>
      <datafield ind1="0" ind2=" " tag="787">
         <subfield code="n">OCLC Work Id</subfield>
         <subfield code="o">http://worldcat.org/entity/work/id/2866988048</subfield>
      </datafield>
      <datafield ind1=" " ind2="0" tag="830">
         <subfield code="a">Bloomsbury studies in classical reception.</subfield>
         <subfield code="0">http://id.loc.gov/authorities/names/no2015002294</subfield>
      </datafield>
      <datafield ind1=" " ind2=" " tag="949">
         <subfield code="a">DS 283 B75 2015</subfield>
         <subfield code="c">1</subfield>
         <subfield code="h">UAHS-B</subfield>
         <subfield code="i">0162035231446</subfield>
      </datafield>
      <datafield ind1=" " ind2=" " tag="926">
         <subfield code="a">DS 283 B75 2015</subfield>
         <subfield code="w">LC</subfield>
         <subfield code="c">1</subfield>
         <subfield code="i">0162035231446</subfield>
         <subfield code="d">6/17/2015</subfield>
         <subfield code="e">6/2/2015</subfield>
         <subfield code="l">ON_SHELF</subfield>
         <subfield code="m">UAHSS</subfield>
         <subfield code="n">1</subfield>
         <subfield code="p">$150.00</subfield>
         <subfield code="r">Y</subfield>
         <subfield code="s">Y</subfield>
         <subfield code="t">BOOK</subfield>
         <subfield code="u">2/11/2015</subfield>
      </datafield>
   </record>
</collection>
